@article{Turing1936,
  title={On computable numbers, with an application to the Entscheidungsproblem},
  author={Turing, Alan Mathison},
  journal={J. of Math},
  volume={58},
  pages={345--363},
  year={1936}
}
@inproceedings{chang2011associating,
  title={Associating the visual representation of user interfaces with their internal structures and metadata},
  author={Chang, Tsung-Hsiang and Yeh, Tom and Miller, Rob},
  booktitle={Proceedings of the 24th annual ACM symposium on User interface software and technology},
  pages={245--256},
  year={2011},
  organization={ACM}
}
@article{chen2003visual,
  title={A visual attention model for adapting images on small displays},
  author={Chen, Li-Qun and Xie, Xing and Fan, Xin and Ma, Wei-Ying and Zhang, Hong-Jiang and Zhou, He-Qin},
  journal={Multimedia systems},
  volume={9},
  number={4},
  pages={353--364},
  year={2003},
  publisher={Springer}
}
@inproceedings{rother2006autocollage,
  title={Autocollage},
  author={Rother, Carsten and Bordeaux, Lucas and Hamadi, Youssef and Blake, Andrew},
  booktitle={ACM transactions on graphics (TOG)},
  volume={25},
  number={3},
  pages={847--852},
  year={2006},
  organization={ACM}
}
@article{egorova2008collage,
  title={Collage for Cover of PhotoBook},
  author={Egorova, Marta and Safonov, Ilia and Korobkov, Nikolay},
  journal={Proc. GRAPHICON-2008},
  pages={160--163},
  year={2008}
}
@inproceedings{dixon2011content,
  title={Content and hierarchy in pixel-based methods for reverse engineering interface structure},
  author={Dixon, Morgan and Leventhal, Daniel and Fogarty, James},
  booktitle={Proceedings of the SIGCHI Conference on Human Factors in Computing Systems},
  pages={969--978},
  year={2011},
  organization={ACM}
}
@article{hussain2016efficient,
  title={Efficient Poisson Image Editing},
  author={Hussain, Khaled and others},
  journal={ELCVIA Electronic Letters on Computer Vision and Image Analysis},
  volume={14},
  number={2},
  pages={45--57},
  year={2016}
}
@article{gal2006feature,
  title={Feature-Aware Texturing.},
  author={Gal, Ran and Sorkine, Olga and Cohen-Or, Daniel},
  journal={Rendering Techniques},
  volume={2006},
  number={17th},
  pages={2},
  year={2006}
}

@inproceedings{agarwala2004interactive,
  title={Interactive digital photomontage},
  author={Agarwala, Aseem and Dontcheva, Mira and Agrawala, Maneesh and Drucker, Steven and Colburn, Alex and Curless, Brian and Salesin, David and Cohen, Michael},
  booktitle={ACM Transactions on Graphics (TOG)},
  volume={23},
  number={3},
  pages={294--302},
  year={2004},
  organization={ACM}
}
@inproceedings{lee2010mobile,
  title={Mobile photo collage},
  author={Lee, Man Hee and Singhal, Nitin and Cho, Sungdae and Park, In Kyu},
  booktitle={Computer Vision and Pattern Recognition Workshops (CVPRW), 2010 IEEE Computer Society Conference on},
  pages={24--30},
  year={2010},
  organization={IEEE}
}
@article{mirkamali2015object,
  title={Object removal by depth-wise image inpainting},
  author={Mirkamali, Seyed Saeid and Nagabhushan, P},
  journal={Signal, Image and Video Processing},
  volume={9},
  number={8},
  pages={1785--1794},
  year={2015},
  publisher={Springer}
}
@inproceedings{perez2003poisson,
  title={Poisson image editing},
  author={P{\'e}rez, Patrick and Gangnet, Michel and Blake, Andrew},
  booktitle={ACM Transactions on Graphics (TOG)},
  volume={22},
  number={3},
  pages={313--318},
  year={2003},
  organization={ACM}
}
@inproceedings{dixon2010prefab,
  title={Prefab: implementing advanced behaviors using pixel-based reverse engineering of interface structure},
  author={Dixon, Morgan and Fogarty, James},
  booktitle={Proceedings of the SIGCHI Conference on Human Factors in Computing Systems},
  pages={1525--1534},
  year={2010},
  organization={ACM}
}
@inproceedings{yeh2009sikuli,
  title={Sikuli: using GUI screenshots for search and automation},
  author={Yeh, Tom and Chang, Tsung-Hsiang and Miller, Robert C},
  booktitle={Proceedings of the 22nd annual ACM symposium on User interface software and technology},
  pages={183--192},
  year={2009},
  organization={ACM}
}
@article{niu2012image,
  title={Image resizing via non-homogeneous warping},
  author={Niu, Yuzhen and Liu, Feng and Li, Xueqing and Gleicher, Michael},
  journal={Multimedia Tools and Applications},
  volume={56},
  number={3},
  pages={485--508},
  year={2012},
  publisher={Springer}
}
@inproceedings{dong2009optimized,
  title={Optimized image resizing using seam carving and scaling},
  author={Dong, Weiming and Zhou, Ning and Paul, Jean-Claude and Zhang, Xiaopeng},
  booktitle={ACM Transactions on Graphics (TOG)},
  volume={28},
  number={5},
  pages={125},
  year={2009},
  organization={ACM}
}
@inproceedings{avidan2007seam,
  title={Seam carving for content-aware image resizing},
  author={Avidan, Shai and Shamir, Ariel},
  booktitle={ACM Transactions on graphics (TOG)},
  volume={26},
  number={3},
  pages={10},
  year={2007},
  organization={ACM}
}
@inproceedings{hwang2008content,
  title={Content-aware image resizing using perceptual seam carving with human attention model},
  author={Hwang, Daw-Sen and Chien, Shao-Yi},
  booktitle={Multimedia and Expo, 2008 IEEE International Conference on},
  pages={1029--1032},
  year={2008},
  organization={IEEE}
}
@article{sun2005image,
  title={Image completion with structure propagation},
  author={Sun, Jian and Yuan, Lu and Jia, Jiaya and Shum, Heung-Yeung},
  journal={ACM Transactions on Graphics (ToG)},
  volume={24},
  number={3},
  pages={861--868},
  year={2005},
  publisher={ACM}
}
@article{guo2015nif,
  title={NIF-based seam carving for image resizing},
  author={Guo, Dongyan and Ding, Jundi and Tang, Jinhui and Xu, Min and Zhao, Chunxia},
  journal={Multimedia Systems},
  volume={21},
  number={6},
  pages={603--613},
  year={2015},
  publisher={Springer}
}
  @inproceedings{dong2009optimized,
  title={Optimized image resizing using seam carving and scaling},
  author={Dong, Weiming and Zhou, Ning and Paul, Jean-Claude and Zhang, Xiaopeng},
  booktitle={ACM Transactions on Graphics (TOG)},
  volume={28},
  number={5},
  pages={125},
  year={2009},
  organization={ACM}
}
@inproceedings{liu2006region,
  title={Region enhanced scale-invariant saliency detection},
  author={Liu, Feng and Gleicher, Michael},
  booktitle={Multimedia and Expo, 2006 IEEE International Conference on},
  pages={1477--1480},
  year={2006},
  organization={IEEE}
}
@inproceedings{domingues2010stream,
  title={Stream carving: an adaptive seam carving algorithm},
  author={Domingues, Daniel and Alahi, Alexandre and Vandergheynst, Pierre},
  booktitle={Image Processing (ICIP), 2010 17th IEEE International Conference on},
  pages={901--904},
  year={2010},
  organization={IEEE}
}
@article{opencv_library,
    author = {Bradski, G.},
    citeulike-article-id = {2236121},
    journal = {Dr. Dobb's Journal of Software Tools},
    keywords = {bibtex-import},
    posted-at = {2008-01-15 19:21:54},
    priority = {4},
    title = ,
    year = {2000}
}
@manual{openfilename,
      title  = {OPENFILENAME structure},
      author = {Windows},
      url    = {https://msdn.microsoft.com/en-us/library/windows/desktop/ms646839(v=vs.85).aspx},
      year   = {2008 (accessed January 28, 2017)}
    }
@manual{compareHist,
      title  = {Histograms},
      author = {OpenCV},
      url    = {http://docs.opencv.org/2.4/modules/imgproc/doc/histograms.html?highlight=comparehist},
      year   = {accessed January 28, 2017}
    }    
@software{photoshop,
  author = {Adobe Systems Incorporated},
  title = {Adobe Photoshop CS5},
  url = {http://www.photoshop.com/},
  version = {12.0},
  date = {2010},
}
@book{Cook:2012:CPD:2430671,
 author = {Cook, Shane},
 title = {CUDA Programming: A Developer's Guide to Parallel Computing with GPUs},
 year = {2013},
 isbn = {9780124159334, 9780124159884},
 edition = {1st},
 publisher = {Morgan Kaufmann Publishers Inc.},
 address = {San Francisco, CA, USA},
} 